@Misc{           ABF+02,
  author =	 {Jens Anhenn and Joschka Bödecker and Alexander Fuchs and
                  Thilo Girmann and Frank Jacob and Marco Kögler and Martin Mack
                  and Michael Nikelsky and Achim Rettinger and Christoph Ringelstein
                  and Markus Rollmann and Timo Wallrath and Christian Wohlgemuth},
  title =	 {{G}ateway -- {E}ine {3D} {E}ngine},
  howpublished = {Projektpraktikum},
  month =	 Jul,
  year =	 2002,
}

