@InProceedings{	  RR03,
  author =	 {Patrick Riley and George Riley},
  title =	 {{SPADES} --- A Distributed Agent Simulation
                  Environment with Software-in-the-Loop Execution},
  booktitle =	 {Winter Simulation Conference},
  year =	 2003,
  editor =	 {S. Chick and P. J. S\'{a}nchez and D. Ferrin and
                  D. J. Morrice},
  pages =	 {817--825},
  volume =	 1,
}

@Misc{SPADES,
  title =        "SPADES: System for Parallel Agent Discrete Event Simulation",
  howpublished = {\\ \url{http://spades-sim.sourceforge.net}}
}

@Misc{RC04LOGS,
  title =        "RoboCup 2004 3D Simulation League logfiles",
  howpublished = {\\ \url{http://www.uni-koblenz.de/~maas/WWW/overview.html}}
}

@Misc{	  Smi04,
  title =	 {Open Dynamics Engine ({ODE}) User Guide},
  author =	 {Russell Smith},
  howpublished = {\\ \url{http://ode.org}}
}
